@book{dwt, place={Singapore}, title={Discrete wavelet transform: a signal processing approach}, publisher={John Wiley & Sons Singapore Pte. Ltd.}, author={Sundararajan, D.}, year={2015}}
@book{waveletsandsubbandcoding,
  title={Wavelets and subband coding},
  author={Vetterli, Martin and Kovacevic, Jelena},
  number={BOOK},
  year={1995},
  publisher={Prentice-hall}
}
@book{wavelettour,
  title={A wavelet tour of signal processing},
  author={Mallat, St{\'e}phane},
  year={1999},
  publisher={Elsevier}
}
@book{tenlectures,
  title={Ten lectures on wavelets},
  author={Daubechies, Ingrid},
  volume={61},
  year={1992},
  publisher={Siam}
}
@article{turbulence,
  title={Wavelet transforms and their applications to turbulence},
  author={Farge, Marie},
  journal={Annual review of fluid mechanics},
  volume={24},
  number={1},
  pages={395--458},
  year={1992},
  publisher={Annual reviews 4139 El Camino Way, PO Box 10139, Palo Alto, CA 94303-0139, USA}
}
@article{medical,
  title={A Novel Channel Coding for Progressive Transmission of Medical Images},
  author={Jagatheeswari, P and Rajaram, M},
  journal={arXiv preprint arXiv:0912.3964},
  year={2009}
}
@inproceedings{fbi,
  title={FBI wavelet/scalar quantization standard for gray-scale fingerprint image compression},
  author={Bradley, Jonathan N and Brislawn, Christopher M and Hopper, Thomas},
  booktitle={Visual Information Processing II},
  volume={1961},
  pages={293--304},
  year={1993},
  organization={International Society for Optics and Photonics}
}

@book{proakis,
  title={Digital signal processing: principles algorithms and applications},
  author={Proakis, John G},
  year={2001},
  publisher={Pearson Education India}
}
@misc{repo,
    author       = {Tom√°s Rojas},
    title        = {{Implementation of the Haar 2-D DWT}},
    month        = mar,
    year         = 2019,
    publisher    = {tomasrojasc},
   howpublished = {\url{https://github.com/tomasrojasc/Implementation-of-the-Haar-2-D-DWT}}
    }
@article{edge3,
  title={hang," Characterization of signals from multiscale edges"},
  author={Mallat, Stephane},
  journal={IEEE Trans. PAMI," ol},
  volume={14},
  pages={710}
}

@article{edge2,
  title={Edge and curve detection for visual scene analysis},
  author={Rosenfeld, Azriel and Thurston, Mark},
  journal={IEEE Transactions on computers},
  volume={100},
  number={5},
  pages={562--569},
  year={1971},
  publisher={IEEE}
}

@article{edge1,
  title={A computational approach to edge detection},
  author={Canny, John},
  journal={IEEE Transactions on pattern analysis and machine intelligence},
  number={6},
  pages={679--698},
  year={1986},
  publisher={Ieee}
}

@inproceedings{pedestrian,
  title={Pedestrian detection using wavelet templates},
  author={Oren, Michael and Papageorgiou, Constantine and Sinha, Pawan and Osuna, Edgar and Poggio, Tomaso},
  booktitle={Proceedings of IEEE computer society Conference on computer vision and pattern recognition},
  pages={193--199},
  year={1997},
  organization={IEEE}
}
@incollection{esc,
  title={On the scalability of 2-D discrete wavelet transform algorithms},
  author={Fridman, Jos{\'e} and Manolakos, Elias S},
  booktitle={Multidimensional Filter Banks and Wavelets},
  pages={185--217},
  year={1997},
  publisher={Springer}
}
@inproceedings{paralela,
  title={Scalability of 2-d wavelet transform algorithms: Analytical and experimental results on coarse-grained parallel computers},
  author={Patel, Jamshed N and Jamieson, Leah H and Khokhar, Ashfaq A},
  booktitle={VLSI signal processing, IX},
  pages={378--387},
  year={1996},
  organization={IEEE}
}

